
@article{razavi2021,
	title = {The Future of Sensitivity Analysis: An essential discipline for systems modeling and policy support},
	volume = {137},
	issn = {1364-8152},
	url = {https://www.sciencedirect.com/science/article/pii/S1364815220310112},
	doi = {10.1016/j.envsoft.2020.104954},
	journal = {Environmental Modelling \& Software},
	author = {{Razavi}, S. and {Jakeman}, A. and {Saltelli}, A. and {Prieur}, C. and {Iooss}, B. and {Borgonovo}, E. and {Plischke}, E. and {Lo Piano}, S. and {Iwanaga}, T. and {Becker}, W. and {Tarantola}, S. and {Guillaume}, J. H. A. and {Jakeman}, J. and {Gupta}, H. and {Melillo}, N. and {Rabitti}, G. and {Chabridon}, V. and {Duan}, Q. and {Sun}, X. and {Smith}, S. and {Sheikholeslami}, R. and {Hosseini}, N. and {Asadzadeh}, M. and {Puy}, A. and {Kucherenko}, S. and {Maier}, H. R.},
	month = mar,
	year = 2021,
	keywords = {Decision making, Machine learning, Mathematical modeling, Model robustness, Model validation and verification, Policy support, Sensitivity analysis, Uncertainty quantification}
}

@article{cinelli2019,
    author = {{Cinelli}, C. and {Hazlett}, C.},
    title = "{Making Sense of Sensitivity: Extending Omitted Variable Bias}",
    journal = {Journal of the Royal Statistical Society Series B: Statistical Methodology},
    volume = {82},
    number = {1},
    pages = {39-67},
    year = 2019,
    month = dec,
    doi = {10.1111/rssb.12348},
    url = {https://doi.org/10.1111/rssb.12348},
    eprint = {https://academic.oup.com/jrsssb/article-pdf/82/1/39/49320681/jrsssb\_82\_1\_39.pdf}
}

@article{frank2000,
	title = {Impact of a {Confounding} {Variable} on a {Regression} {Coefficient}},
	volume = {29},
	issn = {0049-1241},
	url = {https://doi.org/10.1177/0049124100029002001},
	doi = {10.1177/0049124100029002001},
	number = {2},
	journal = {Sociological Methods \& Research},
	author = {{Frank}, K.~A.},
	month = nov,
	year = 2000,
	pages = {147-194}
}

@article{frank2007,
author = {{Frank}, K.~A. and {Min}, K.},
title ={10. Indices of Robustness for Sample Representation},
journal = {Sociological Methodology},
volume = {37},
number = {1},
pages = {349-392},
year = 2007,
doi = {10.1111/j.1467-9531.2007.00186.x},
URL = {https://doi.org/10.1111/j.1467-9531.2007.00186.x},
eprint = {https://doi.org/10.1111/j.1467-9531.2007.00186.x}
}

@article{frank2008,
 URL = {http://www.jstor.org/stable/30128050},
 author = {{Frank}, K.~A. and {Sykes}, G. and {Anagnostopoulos}, D. and {Cannata}, M. and {Chard}, L. and {Krause}, A. and {McCrory}, R.},
 journal = {Educational Evaluation and Policy Analysis},
 number = {1},
 pages = {3-30},
 publisher = {[American Educational Research Association, Sage Publications, Inc.]},
 title = {Does NBPTS Certification Affect the Number of Colleagues a Teacher Helps with Instructional Matters?},
 volume = {30},
 year = 2008
}

@article{frank2013,
	title = {What Would It Take to Change an Inference? Using Rubin’s Causal Model to Interpret the Robustness of Causal Inferences},
	volume = {35},
	url = {https://doi.org/10.3102/0162373713493129},
	doi = {10.3102/0162373713493129},
	number = {4},
	journal = {Educational Evaluation and Policy Analysis},
	author = {{Frank}, K.~A. and {Maroulis}, S.~J. and {Duong}, M.~Q. and {Kelcey}, B.~M.},
	month = dec,
	year = 2013,
	note = {Publisher: American Educational Research Association},
	pages = {437-460}
}

@article{frank2021,
title = {Hypothetical case replacement can be used to quantify the robustness of trial results},
journal = {Journal of Clinical Epidemiology},
volume = {134},
pages = {150-159},
year = 2021,
issn = {0895-4356},
doi = {10.1016/j.jclinepi.2021.01.025},
url = {https://www.sciencedirect.com/science/article/pii/S0895435621000366},
author = {{Frank}, K.~A. and {Lin}, Q. and {Maroulis}, S. and {Mueller}, A.~S. and {Xu}, R. and {Rosenberg}, J.~M. and {Hayter}, C.~S. and {Mahmoud}, R.~A. and {Kolak}, M. and {Dietz}, T. and {Zhang}, L.},
keywords = {Robustness of findings, Randomized controlled trials, Fragility, Case replacement, Statistical significance, Clinical importance}
}

@article{frank2023,
title = {Quantifying the robustness of causal inferences: Sensitivity analysis for pragmatic social science},
keywords = "Causal inference, Pragmatic sociology, Sensitivity analysis",
author = {{Frank}, K.~A. and {Lin}, Q. and {Xu}, R.  and {Maroulis}, S.  and {Mueller}, A.},
year = 2023,
month = feb,
doi = {10.1016/j.ssresearch.2022.102815},
volume = {110},
journal = {Social Science Research},
publisher = {Academic Press Inc.}
}

@article{frank2022, 
title={Improving Oster’s δ*: Exact calculation for the coefficient of proportionality without subjective specification of a baseline model},
url={https://papers.ssrn.com/sol3/papers.cfm?abstract_id=4305243}, 
journal={SSRN}, 
author={{Frank}, K.~A. and {Lin}, Q. and {Maroulis}, S. and {Dai}, S. and {Jess}, N. and {Lin}, H. and {Liu}, Y. and {Maestrales}, S. and {Searle}, E. and {Tait}, J.}, 
year=2022, 
month=dec
} 

@article{xu2019,
author = {{Xu}, R. and {Frank}, K.~A. and {Maroulis}, S.~J. and {Rosenberg}, J.~M.},
title ={konfound: Command to quantify robustness of causal inferences},
journal = {The Stata Journal},
volume = {19},
number = {3},
pages = {523-550},
year = 2019,
doi = {10.1177/1536867X19874223},
URL = {https://doi.org/10.1177/1536867X19874223},
eprint = {https://doi.org/10.1177/1536867X19874223}
}
